<record><leader>00000cas a22000007a 4500</leader><controlfield tag="001">15698234</controlfield><controlfield tag="008">870516d18681869inuwr ne      0    0eng d</controlfield><datafield ind1=" " ind2=" " tag="010"><subfield code="a">sn 87056238 </subfield></datafield><datafield ind1=" " ind2=" " tag="040"><subfield code="a">NPI</subfield><subfield code="b">eng</subfield><subfield code="c">NPI</subfield><subfield code="d">OCLCQ</subfield></datafield><datafield ind1=" " ind2=" " tag="042"><subfield code="a">msc</subfield></datafield><datafield ind1="0" ind2="4" tag="245"><subfield code="a">The Waterloo City air line.</subfield></datafield><datafield ind1="3" ind2="0" tag="246"><subfield code="a">Waterloo City airline</subfield></datafield><datafield ind1=" " ind2=" " tag="260"><subfield code="a">Waterloo City, Ind. :</subfield><subfield code="b">Radcliffe &amp; Co.</subfield></datafield><datafield ind1=" " ind2=" " tag="310"><subfield code="a">Weekly</subfield></datafield><datafield ind1="1" ind2=" " tag="362"><subfield code="a">Began with Dec. 30, 1868; ceased in 1869?</subfield></datafield><datafield ind1=" " ind2=" " tag="588"><subfield code="a">Description based on: Vol. 1, no. 12 (Mar. 17, 1869).</subfield></datafield><datafield ind1=" " ind2=" " tag="752"><subfield code="a">United States</subfield><subfield code="b">Indiana</subfield><subfield code="c">De Kalb</subfield><subfield code="d">Waterloo.</subfield></datafield><datafield ind1="0" ind2="0" tag="785"><subfield code="t">Air line</subfield><subfield code="w">(DLC)sn 87056220</subfield></datafield></record>